% Encoding: windows-1252

@Book{Salomon2006,
  title     = {Data Compression: The Complete Reference},
  publisher = {Springer},
  year      = {2006},
  author    = {David Salomon},
  edition   = {4},
  isbn      = {978-1846286025},
  url       = {https://goo.gl/yMoiqL},
}

@article{Afify2011,
    title       = {DNA Lossless Differential Compression Algorithm based on Similarity of Genomic Sequence Database},
    author       = {Heba Afify and Muhammad Islam and Manal Abdel Wahed},
    journal       = {CoRR},
    year       = {2011},
    url       = {https://goo.gl/BtWniW}
}

@inproceedings{Kuruppu2012,
    title       = {Compression of large DNA databases},
    author       = {Shanika Kuruppu},
    year       = {2012},
    url       = {https://goo.gl/5PsmZb}
}

@mastersthesis{Wahlstrom2015,
    author       = {Simon Wahlstrom}, 
    title        = {Optimising JPEG image compression by identifying image characteristics},
    school       = {VU University Amsterdam and MÃ¤lardalens University},
    year         = {2015},
    url       = {https://goo.gl/hEQ2LN}
}

@mastersthesis{Rakesh2013,
    author       = {Chodisetti Rakesh Anil}, 
    title        = {H.264 Video coding artifacts measurement and reduction of flickering},
    school       = {Blekinge Institute of Technology},
    year         = {2013},
    url       = {https://goo.gl/iTrxTm}
}

@online{Riha2011,
    author = {Michael Riha},
    title = {History of Lossless Data Compression Algorithms},
    year = 2011,
    url = {https://goo.gl/tUumPN},
    urldate = {2018-12-08},
    note = {laatst aangepast op 20 August 2014}
}

@Comment{jabref-meta: databaseType:biblatex;}
