% Encoding: UTF-8

@Comment{jabref-meta: databaseType:biblatex;}
@ONLINE {dodanaugent2011,
    author = "Dodana UGent",
    title  = "DNA compressie",
    year   = "2011",
    url    = "http://bit.ly/2vrpKvt"
}