% Encoding: UTF-8

@Comment{jabref-meta: databaseType:biblatex;}

@ONLINE {dodanaugent2011,
    author = "Dodana UGent",
    title  = "DNA compressie",
    year   = "2011",
    url    = "http://bit.ly/2vrpKvt"
}

@ARTICLE{ieee15412002, 
journal={IEEE Std 1541-2002 (R2008)}, 
title={IEEE Standard for Prefixes for Binary Multiples}, 
year={2009},
pages={c1-4}, 
keywords={digital arithmetic;IEEE standards;information technology;measurement standards;nomenclature;IEEE standard 1541-2002;name prefixes;binary multiple;letter symbol;unit multiplication;binary multiplier;information technology;IEEE standards;Computers;Data mining;Committees;Standards Board;Materials;binary;binary multiple;computer;exbi;gibi;kibi;mebi;pebi;prefix;tebi}, 
doi={10.1109/IEEESTD.2009.5254933}, 
month={Sep.}
}

@ARTICLE {iec60027,
    author  = "IEC",
    title   = "IEC 60027-2 Amendment 2: Letter symbols to be used in electrical technology - Part 2: Telecommunications and electronics",
    journal = "IEC 60027-2 Amendment 2",
    year    = "1999",
    month   = "jan"
}

@ONLINE {microsoftblogcluster,
    author = "Garrett Watumull Microsoft",
    title  = "Cluster size recommendations for ReFS and NTFS",
    month  = "apr",
    year   = "2019",
    url    = "http://bit.ly/2YvtFDS"
}

@misc{morsecode,
           month = {February},
           title = {A Morse alphabet},
          author = {Mihail-Ioan Pop},
            year = {2015},
             url = {http://bit.ly/2LQHPOt},
        abstract = {A compact alphabetic form of the Morse code is constructed following some simple rules. It is mostly useful in learning the Morse code and using it in writing form.}
}

@article{shannon1948,
  added-at = {2018-06-03T07:16:08.000+0200},
  author = {Shannon, Claude Elwood},
  biburl = {https://www.bibsonomy.org/bibtex/2991e1d12fe529405c363bd2aad283d7b/achakraborty},
  doi = {10.1002/j.1538-7305.1948.tb01338.x},
  interhash = {754130207906fcec16a53d330eeff348},
  intrahash = {991e1d12fe529405c363bd2aad283d7b},
  journal = {The Bell System Technical Journal},
  keywords = {ieee information-theory paper},
  month = {7},
  number = 3,
  pages = {379--423},
  publisher = {Nokia Bell Labs},
  timestamp = {2018-06-03T07:17:55.000+0200},
  title = {A Mathematical Theory of Communication},
  url = {http://bit.ly/2HoZA3a},
  volume = 27,
  year = 1948
}

@article{huffman,
  added-at = {2009-01-14T00:43:43.000+0100},
  author = {Huffman, David A.},
  biburl = {https://www.bibsonomy.org/bibtex/2585b817b85d7278b868329672ddded96/dret},
  description = {dret'd bibliography},
  interhash = {d00a180c1c2e7851560c2d51e0fd8f92},
  intrahash = {585b817b85d7278b868329672ddded96},
  journal = {Proceedings of the Institute of Radio Engineers},
  keywords = {imported},
  month = {September},
  number = 9,
  pages = {1098-1101},
  timestamp = {2009-01-14T00:43:44.000+0100},
  title = {A Method for the Construction of Minimum-Redundancy Codes},
  url = {http://bit.ly/2JInrfK},
  volume = 40,
  year = 1952
}

@ARTICLE{lelewer87datacompression,
    author = {Debra A. Lelewer and Daniel S. Hirschberg},
    title = {Data Compression},
    journal = {ACM Computing Surveys},
    year = {1987},
    volume = {19},
    pages = {261--296}
}

@ONLINE {ethwcompressionhistory,
    author = "ETHW Rihamichael",
    title  = "History of Lossless Data Compression Algorithms",
    month  = "sep",
    year   = "2011",
    url    = "http://bit.ly/2VH7Bct"
}

@article{robinson1967,
  doi = {10.1109/proc.1967.5493},
  url = {https://doi.org/10.1109/proc.1967.5493},
  year = {1967},
  publisher = {Institute of Electrical and Electronics Engineers ({IEEE})},
  volume = {55},
  number = {3},
  pages = {356--364},
  author = {A.H. Robinson and C. Cherry},
  title = {Results of a prototype television bandwidth compression scheme},
  journal = {Proceedings of the {IEEE}}
}

@article{losslessfortextdata,
author = {Kodituwakku, Saluka and U, S.Amarasinghe},
year = {2010},
month = {12},
pages = {},
title = {Comparison of Lossless Data Compression Algorithms for Text Data},
volume = {1},
journal = {Indian Journal of Computer Science and Engineering}
}

@ONLINE {asciitobinary,
    author = "Donald Weiman",
    title  = "ASCII Conversion Chart",
    month  = "dec",
    year   = "2010",
    url    = "http://bit.ly/2w2IpxV"
}

@article{article,
author = {Ng, Wee Keong and Choi, Sunghyun and Ravishankar, Chinya},
year = {1998},
month = {06},
pages = {},
title = {Lossless and Lossy Data Compression},
doi = {10.1007/978-3-662-03423-1_10}
}

@article{rleimproved,
author = {Mespotine, Meo},
year = {2015},
month = {01},
pages = {},
title = {Mespotine-RLE-basic v0.9 - An overhead-reduced and improved Run-Length-Encoding Method}
}

@ONLINE {githubbachelorproef,
    author = "Lennert Bontinck",
    title  = "Github repository bachelorproef datacompressie",
    year   = "2019",
    url    = "http://bit.ly/2W98hqz"
}

@ONLINE {introductievideo,
    author = "Lennert Bontinck",
    title  = "Introductievideo bachelorproef onderzoek afbeeldingskwaliteit",
    year   = "2019",
    url    = "http://bit.ly/2HqKN8k"
}

@ONLINE {akamaiinternetspeed,
    author = "Akamai",
    title  = "Akamai Online Retail Performance Report: Milliseconds Are Critical",
    year   = "2017",
    url    = "http://bit.ly/2EfzfTl"
}

@ONLINE {googleinternetspeed,
    author = "Google",
    title  = "You and site performance, sitting in a tree...",
    year   = "2010",
    url    = "http://bit.ly/2WNrkE1"
}

@article{porcella2008, title={Color Blindness}, DOI={10.1002/9780470373699.speced0461}, journal={Encyclopedia of Special Education}, author={Porcella, John E.}, year={2008}}

@book{Terras2008,
 author = {Terras, Melissa M.},
 title = {Digital Images for the Information Professional},
 year = {2008},
 isbn = {0754648605, 9780754648604},
 publisher = {Ashgate Publishing Company},
 address = {Brookfield, VT, USA},
} 

@inproceedings{inproceedings,
author = {Nallaperumal, Krishnan and Ranjani, J. Jennifer and Varghese, Justin and Annam, Sai},
year = {2006},
month = {05},
pages = {},
title = {A New Algorithm for Removing Blocking Artifacts in JPEG Compressed Images},
doi = {10.1109/ICIEA.2006.257369}
}

@article{jpegartefactereductionai,
author = {Zheng, Bolun and Sun, Rui and Tian, Xiang and Chen, Yaowu},
year = {2018},
month = {07},
title = {S-Net: A Scalable Convolutional Neural Network for JPEG Compression Artifact Reduction},
volume = {27},
journal = {Journal of Electronic Imaging},
doi = {10.1117/1.JEI.27.4.043037}
}
